@article{DBLP:journals/jfp/JungKJBBD18,
  author    = {Ralf Jung and
               Robbert Krebbers and
               Jacques{-}Henri Jourdan and
               Ales Bizjak and
               Lars Birkedal and
               Derek Dreyer},
  title     = {Iris from the ground up: {A} modular foundation for higher-order concurrent
               separation logic},
  journal   = {J. Funct. Program.},
  volume    = {28},
  pages     = {e20},
  year      = {2018},
  url       = {https://doi.org/10.1017/S0956796818000151},
  doi       = {10.1017/S0956796818000151},
  timestamp = {Sat, 30 Sep 2023 10:19:01 +0200},
  biburl    = {https://dblp.org/rec/journals/jfp/JungKJBBD18.bib},
  bibsource = {dblp computer science bibliography, https://dblp.org}
}

@inproceedings{DBLP:conf/esop/FilliatreP13,
  author       = {Jean{-}Christophe Filli{\^{a}}tre and
                  Andrei Paskevich},
  editor       = {Matthias Felleisen and
                  Philippa Gardner},
  title        = {Why3 - Where Programs Meet Provers},
  booktitle    = {Programming Languages and Systems - 22nd European Symposium on Programming,
                  {ESOP} 2013, Held as Part of the European Joint Conferences on Theory
                  and Practice of Software, {ETAPS} 2013, Rome, Italy, March 16-24,
                  2013. Proceedings},
  series       = {Lecture Notes in Computer Science},
  volume       = {7792},
  pages        = {125--128},
  publisher    = {Springer},
  year         = {2013},
  url          = {https://doi.org/10.1007/978-3-642-37036-6\_8},
  doi          = {10.1007/978-3-642-37036-6\_8},
  timestamp    = {Tue, 14 May 2019 10:00:41 +0200},
  biburl       = {https://dblp.org/rec/conf/esop/FilliatreP13.bib},
  bibsource    = {dblp computer science bibliography, https://dblp.org}
}

@inproceedings{DBLP:conf/cav/PereiraR20,
  author       = {M{\'{a}}rio Pereira and
                  Ant{\'{o}}nio Ravara},
  editor       = {Alexandra Silva and
                  K. Rustan M. Leino},
  title        = {Cameleer: {A} Deductive Verification Tool for OCaml},
  booktitle    = {Computer Aided Verification - 33rd International Conference, {CAV}
                  2021, Virtual Event, July 20-23, 2021, Proceedings, Part {II}},
  series       = {Lecture Notes in Computer Science},
  volume       = {12760},
  pages        = {677--689},
  publisher    = {Springer},
  year         = {2021},
  url          = {https://doi.org/10.1007/978-3-030-81688-9\_31},
  doi          = {10.1007/978-3-030-81688-9\_31},
  timestamp    = {Sat, 09 Apr 2022 12:33:43 +0200},
  biburl       = {https://dblp.org/rec/conf/cav/PereiraR20.bib},
  bibsource    = {dblp computer science bibliography, https://dblp.org}
}

@inproceedings{DBLP:conf/fm/ChargueraudFLP19,
  author       = {Arthur Chargu{\'{e}}raud and
                  Jean{-}Christophe Filli{\^{a}}tre and
                  Cl{\'{a}}udio Louren{\c{c}}o and
                  M{\'{a}}rio Pereira},
  editor       = {Maurice H. ter Beek and
                  Annabelle McIver and
                  Jos{\'{e}} N. Oliveira},
  title        = {{GOSPEL} - Providing OCaml with a Formal Specification Language},
  booktitle    = {Formal Methods - The Next 30 Years - Third World Congress, {FM} 2019,
                  Porto, Portugal, October 7-11, 2019, Proceedings},
  series       = {Lecture Notes in Computer Science},
  volume       = {11800},
  pages        = {484--501},
  publisher    = {Springer},
  year         = {2019},
  url          = {https://doi.org/10.1007/978-3-030-30942-8\_29},
  doi          = {10.1007/978-3-030-30942-8\_29},
  timestamp    = {Sat, 09 Apr 2022 12:46:18 +0200},
  biburl       = {https://dblp.org/rec/conf/fm/ChargueraudFLP19.bib},
  bibsource    = {dblp computer science bibliography, https://dblp.org}
}

@article{DBLP:journals/jfp/SwamyCFSBY13,
  author       = {Nikhil Swamy and
                  Juan Chen and
                  C{\'{e}}dric Fournet and
                  Pierre{-}Yves Strub and
                  Karthikeyan Bhargavan and
                  Jean Yang},
  title        = {Secure distributed programming with value-dependent types},
  journal      = {J. Funct. Program.},
  volume       = {23},
  number       = {4},
  pages        = {402--451},
  year         = {2013},
  url          = {https://doi.org/10.1017/S0956796813000142},
  doi          = {10.1017/S0956796813000142},
  timestamp    = {Thu, 03 Sep 2020 16:02:25 +0200},
  biburl       = {https://dblp.org/rec/journals/jfp/SwamyCFSBY13.bib},
  bibsource    = {dblp computer science bibliography, https://dblp.org}
}

@incollection{DBLP:series/natosec/0001SS17,
  author       = {Peter M{\"{u}}ller and
                  Malte Schwerhoff and
                  Alexander J. Summers},
  editor       = {Alexander Pretschner and
                  Doron Peled and
                  Thomas Hutzelmann},
  title        = {Viper: {A} Verification Infrastructure for Permission-Based Reasoning},
  booktitle    = {Dependable Software Systems Engineering},
  series       = {{NATO} Science for Peace and Security Series - {D:} Information and
                  Communication Security},
  volume       = {50},
  pages        = {104--125},
  publisher    = {{IOS} Press},
  year         = {2017},
  url          = {https://doi.org/10.3233/978-1-61499-810-5-104},
  doi          = {10.3233/978-1-61499-810-5-104},
  timestamp    = {Tue, 06 Aug 2019 09:52:02 +0200},
  biburl       = {https://dblp.org/rec/series/natosec/0001SS17.bib},
  bibsource    = {dblp computer science bibliography, https://dblp.org}
}

@inproceedings{DBLP:conf/nfm/JacobsSPVPP11,
  author       = {Bart Jacobs and
                  Jan Smans and
                  Pieter Philippaerts and
                  Fr{\'{e}}d{\'{e}}ric Vogels and
                  Willem Penninckx and
                  Frank Piessens},
  editor       = {Mihaela Gheorghiu Bobaru and
                  Klaus Havelund and
                  Gerard J. Holzmann and
                  Rajeev Joshi},
  title        = {VeriFast: {A} Powerful, Sound, Predictable, Fast Verifier for {C}
                  and Java},
  booktitle    = {{NASA} Formal Methods - Third International Symposium, {NFM} 2011,
                  Pasadena, CA, USA, April 18-20, 2011. Proceedings},
  series       = {Lecture Notes in Computer Science},
  volume       = {6617},
  pages        = {41--55},
  publisher    = {Springer},
  year         = {2011},
  url          = {https://doi.org/10.1007/978-3-642-20398-5\_4},
  doi          = {10.1007/978-3-642-20398-5\_4},
  timestamp    = {Sat, 09 Apr 2022 12:37:30 +0200},
  biburl       = {https://dblp.org/rec/conf/nfm/JacobsSPVPP11.bib},
  bibsource    = {dblp computer science bibliography, https://dblp.org}
}

@inproceedings{DBLP:conf/icfem/DenisJM22,
  author       = {Xavier Denis and
                  Jacques{-}Henri Jourdan and
                  Claude March{\'{e}}},
  editor       = {Adri{\'{a}}n Riesco and
                  Min Zhang},
  title        = {Creusot: {A} Foundry for the Deductive Verification of Rust Programs},
  booktitle    = {Formal Methods and Software Engineering - 23rd International Conference
                  on Formal Engineering Methods, {ICFEM} 2022, Madrid, Spain, October
                  24-27, 2022, Proceedings},
  series       = {Lecture Notes in Computer Science},
  volume       = {13478},
  pages        = {90--105},
  publisher    = {Springer},
  year         = {2022},
  url          = {https://doi.org/10.1007/978-3-031-17244-1\_6},
  doi          = {10.1007/978-3-031-17244-1\_6},
  timestamp    = {Tue, 18 Oct 2022 22:16:59 +0200},
  biburl       = {https://dblp.org/rec/conf/icfem/DenisJM22.bib},
  bibsource    = {dblp computer science bibliography, https://dblp.org}
}

@inproceedings{DBLP:conf/nfm/AstrauskasBFGMM22,
  author       = {Vytautas Astrauskas and
                  Aurel Bil{\'{y}} and
                  Jon{\'{a}}s Fiala and
                  Zachary Grannan and
                  Christoph Matheja and
                  Peter M{\"{u}}ller and
                  Federico Poli and
                  Alexander J. Summers},
  editor       = {Jyotirmoy V. Deshmukh and
                  Klaus Havelund and
                  Ivan Perez},
  title        = {The Prusti Project: Formal Verification for Rust},
  booktitle    = {{NASA} Formal Methods - 14th International Symposium, {NFM} 2022,
                  Pasadena, CA, USA, May 24-27, 2022, Proceedings},
  series       = {Lecture Notes in Computer Science},
  volume       = {13260},
  pages        = {88--108},
  publisher    = {Springer},
  year         = {2022},
  url          = {https://doi.org/10.1007/978-3-031-06773-0\_5},
  doi          = {10.1007/978-3-031-06773-0\_5},
  timestamp    = {Sat, 30 Sep 2023 09:54:01 +0200},
  biburl       = {https://dblp.org/rec/conf/nfm/AstrauskasBFGMM22.bib},
  bibsource    = {dblp computer science bibliography, https://dblp.org}
}

@inproceedings{DBLP:conf/pldi/SammlerLKMD021,
  author       = {Michael Sammler and
                  Rodolphe Lepigre and
                  Robbert Krebbers and
                  Kayvan Memarian and
                  Derek Dreyer and
                  Deepak Garg},
  editor       = {Stephen N. Freund and
                  Eran Yahav},
  title        = {RefinedC: automating the foundational verification of {C} code with
                  refined ownership types},
  booktitle    = {{PLDI} '21: 42nd {ACM} {SIGPLAN} International Conference on Programming
                  Language Design and Implementation, Virtual Event, Canada, June 20-25,
                  2021},
  pages        = {158--174},
  publisher    = {{ACM}},
  year         = {2021},
  url          = {https://doi.org/10.1145/3453483.3454036},
  doi          = {10.1145/3453483.3454036},
  timestamp    = {Sat, 08 Jan 2022 02:24:31 +0100},
  biburl       = {https://dblp.org/rec/conf/pldi/SammlerLKMD021.bib},
  bibsource    = {dblp computer science bibliography, https://dblp.org}
}

@article{DBLP:journals/pacmpl/GaherSJKD24,
  author       = {Lennard G{\"{a}}her and
                  Michael Sammler and
                  Ralf Jung and
                  Robbert Krebbers and
                  Derek Dreyer},
  title        = {RefinedRust: {A} Type System for High-Assurance Verification of Rust
                  Programs},
  journal      = {Proc. {ACM} Program. Lang.},
  volume       = {8},
  number       = {{PLDI}},
  pages        = {1115--1139},
  year         = {2024},
  url          = {https://doi.org/10.1145/3656422},
  doi          = {10.1145/3656422},
  timestamp    = {Fri, 02 Aug 2024 21:41:17 +0200},
  biburl       = {https://dblp.org/rec/journals/pacmpl/GaherSJKD24.bib},
  bibsource    = {dblp computer science bibliography, https://dblp.org}
}

@inproceedings{DBLP:conf/cpp/Spector-Zabusky18,
  author       = {Antal Spector{-}Zabusky and
                  Joachim Breitner and
                  Christine Rizkallah and
                  Stephanie Weirich},
  editor       = {June Andronick and
                  Amy P. Felty},
  title        = {Total Haskell is reasonable Coq},
  booktitle    = {Proceedings of the 7th {ACM} {SIGPLAN} International Conference on
                  Certified Programs and Proofs, {CPP} 2018, Los Angeles, CA, USA, January
                  8-9, 2018},
  pages        = {14--27},
  publisher    = {{ACM}},
  year         = {2018},
  url          = {https://doi.org/10.1145/3167092},
  doi          = {10.1145/3167092},
  timestamp    = {Thu, 14 Oct 2021 10:14:33 +0200},
  biburl       = {https://dblp.org/rec/conf/cpp/Spector-Zabusky18.bib},
  bibsource    = {dblp computer science bibliography, https://dblp.org}
}

@book{DBLP:books/hal/Chargueraud23,
  author       = {Arthur Chargu{\'{e}}raud},
  title        = {A Modern Eye on Separation Logic for Sequential Programs. (Un nouveau
                  regard sur la Logique de S{\'{e}}paration pour les programmes
                  s{\'{e}}quentiels)},
  year         = {2023},
  url          = {https://tel.archives-ouvertes.fr/tel-04076725},
  timestamp    = {Sun, 23 Apr 2023 00:55:01 +0200},
  biburl       = {https://dblp.org/rec/books/hal/Chargueraud23.bib},
  bibsource    = {dblp computer science bibliography, https://dblp.org}
}

@article{DBLP:journals/pacmpl/GondelmanHPTB23,
  author       = {L{\'{e}}on Gondelman and
                  Jonas Kastberg Hinrichsen and
                  M{\'{a}}rio Pereira and
                  Amin Timany and
                  Lars Birkedal},
  title        = {Verifying Reliable Network Components in a Distributed Separation
                  Logic with Dependent Separation Protocols},
  journal      = {Proc. {ACM} Program. Lang.},
  volume       = {7},
  number       = {{ICFP}},
  pages        = {847--877},
  year         = {2023},
  url          = {https://doi.org/10.1145/3607859},
  doi          = {10.1145/3607859},
  timestamp    = {Sat, 10 Feb 2024 18:05:27 +0100},
  biburl       = {https://dblp.org/rec/journals/pacmpl/GondelmanHPTB23.bib},
  bibsource    = {dblp computer science bibliography, https://dblp.org}
}

@inproceedings{DBLP:conf/sosp/ChajedTKZ19,
  author       = {Tej Chajed and
                  Joseph Tassarotti and
                  M. Frans Kaashoek and
                  Nickolai Zeldovich},
  editor       = {Tim Brecht and
                  Carey Williamson},
  title        = {Verifying concurrent, crash-safe systems with Perennial},
  booktitle    = {Proceedings of the 27th {ACM} Symposium on Operating Systems Principles,
                  {SOSP} 2019, Huntsville, ON, Canada, October 27-30, 2019},
  pages        = {243--258},
  publisher    = {{ACM}},
  year         = {2019},
  url          = {https://doi.org/10.1145/3341301.3359632},
  doi          = {10.1145/3341301.3359632},
  timestamp    = {Tue, 19 Nov 2019 12:45:13 +0100},
  biburl       = {https://dblp.org/rec/conf/sosp/ChajedTKZ19.bib},
  bibsource    = {dblp computer science bibliography, https://dblp.org}
}

@article{DBLP:journals/pacmpl/XiaZHHMPZ20,
  author       = {Li{-}yao Xia and
                  Yannick Zakowski and
                  Paul He and
                  Chung{-}Kil Hur and
                  Gregory Malecha and
                  Benjamin C. Pierce and
                  Steve Zdancewic},
  title        = {Interaction trees: representing recursive and impure programs in Coq},
  journal      = {Proc. {ACM} Program. Lang.},
  volume       = {4},
  number       = {{POPL}},
  pages        = {51:1--51:32},
  year         = {2020},
  url          = {https://doi.org/10.1145/3371119},
  doi          = {10.1145/3371119},
  timestamp    = {Sun, 12 Nov 2023 02:17:41 +0100},
  biburl       = {https://dblp.org/rec/journals/pacmpl/XiaZHHMPZ20.bib},
  bibsource    = {dblp computer science bibliography, https://dblp.org}
}

@inproceedings{DBLP:conf/ecoop/PintoDG14,
  author       = {Pedro da Rocha Pinto and
                  Thomas Dinsdale{-}Young and
                  Philippa Gardner},
  editor       = {Richard E. Jones},
  title        = {TaDA: {A} Logic for Time and Data Abstraction},
  booktitle    = {{ECOOP} 2014 - Object-Oriented Programming - 28th European Conference,
                  Uppsala, Sweden, July 28 - August 1, 2014. Proceedings},
  series       = {Lecture Notes in Computer Science},
  volume       = {8586},
  pages        = {207--231},
  publisher    = {Springer},
  year         = {2014},
  url          = {https://doi.org/10.1007/978-3-662-44202-9\_9},
  doi          = {10.1007/978-3-662-44202-9\_9},
  timestamp    = {Tue, 14 May 2019 10:00:54 +0200},
  biburl       = {https://dblp.org/rec/conf/ecoop/PintoDG14.bib},
  bibsource    = {dblp computer science bibliography, https://dblp.org}
}

@article{DBLP:journals/pacmpl/BirkedalDGJST21,
  author       = {Lars Birkedal and
                  Thomas Dinsdale{-}Young and
                  Arma{\"{e}}l Gu{\'{e}}neau and
                  Guilhem Jaber and
                  Kasper Svendsen and
                  Nikos Tzevelekos},
  title        = {Theorems for free from separation logic specifications},
  journal      = {Proc. {ACM} Program. Lang.},
  volume       = {5},
  number       = {{ICFP}},
  pages        = {1--29},
  year         = {2021},
  url          = {https://doi.org/10.1145/3473586},
  doi          = {10.1145/3473586},
  timestamp    = {Mon, 28 Aug 2023 21:30:21 +0200},
  biburl       = {https://dblp.org/rec/journals/pacmpl/BirkedalDGJST21.bib},
  bibsource    = {dblp computer science bibliography, https://dblp.org}
}

@article{DBLP:journals/toplas/HerlihyW90,
  author       = {Maurice Herlihy and
                  Jeannette M. Wing},
  title        = {Linearizability: {A} Correctness Condition for Concurrent Objects},
  journal      = {{ACM} Trans. Program. Lang. Syst.},
  volume       = {12},
  number       = {3},
  pages        = {463--492},
  year         = {1990},
  url          = {https://doi.org/10.1145/78969.78972},
  doi          = {10.1145/78969.78972},
  timestamp    = {Wed, 14 Nov 2018 10:30:40 +0100},
  biburl       = {https://dblp.org/rec/journals/toplas/HerlihyW90.bib},
  bibsource    = {dblp computer science bibliography, https://dblp.org}
}

@article{DBLP:journals/pacmpl/JungLPRTDJ20,
  author       = {Ralf Jung and
                  Rodolphe Lepigre and
                  Gaurav Parthasarathy and
                  Marianna Rapoport and
                  Amin Timany and
                  Derek Dreyer and
                  Bart Jacobs},
  title        = {The future is ours: prophecy variables in separation logic},
  journal      = {Proc. {ACM} Program. Lang.},
  volume       = {4},
  number       = {{POPL}},
  pages        = {45:1--45:32},
  year         = {2020},
  url          = {https://doi.org/10.1145/3371113},
  doi          = {10.1145/3371113},
  timestamp    = {Sat, 30 Sep 2023 10:23:23 +0200},
  biburl       = {https://dblp.org/rec/journals/pacmpl/JungLPRTDJ20.bib},
  bibsource    = {dblp computer science bibliography, https://dblp.org}
}

@article{DBLP:journals/pacmpl/LattuadaHCBSZHPH23,
  author       = {Andrea Lattuada and
                  Travis Hance and
                  Chanhee Cho and
                  Matthias Brun and
                  Isitha Subasinghe and
                  Yi Zhou and
                  Jon Howell and
                  Bryan Parno and
                  Chris Hawblitzel},
  title        = {Verus: Verifying Rust Programs using Linear Ghost Types},
  journal      = {Proc. {ACM} Program. Lang.},
  volume       = {7},
  number       = {{OOPSLA1}},
  pages        = {286--315},
  year         = {2023},
  url          = {https://doi.org/10.1145/3586037},
  doi          = {10.1145/3586037},
  timestamp    = {Tue, 14 May 2024 15:19:48 +0200},
  biburl       = {https://dblp.org/rec/journals/pacmpl/LattuadaHCBSZHPH23.bib},
  bibsource    = {dblp computer science bibliography, https://dblp.org}
}

@article{DBLP:journals/pacmpl/PulteMSMSK23,
  author       = {Christopher Pulte and
                  Dhruv C. Makwana and
                  Thomas Sewell and
                  Kayvan Memarian and
                  Peter Sewell and
                  Neel Krishnaswami},
  title        = {{CN:} Verifying Systems {C} Code with Separation-Logic Refinement
                  Types},
  journal      = {Proc. {ACM} Program. Lang.},
  volume       = {7},
  number       = {{POPL}},
  pages        = {1--32},
  year         = {2023},
  url          = {https://doi.org/10.1145/3571194},
  doi          = {10.1145/3571194},
  timestamp    = {Fri, 10 Feb 2023 23:34:54 +0100},
  biburl       = {https://dblp.org/rec/journals/pacmpl/PulteMSMSK23.bib},
  bibsource    = {dblp computer science bibliography, https://dblp.org}
}

@inproceedings{DBLP:conf/popl/KrebbersTB17,
  author       = {Robbert Krebbers and
                  Amin Timany and
                  Lars Birkedal},
  editor       = {Giuseppe Castagna and
                  Andrew D. Gordon},
  title        = {Interactive proofs in higher-order concurrent separation logic},
  booktitle    = {Proceedings of the 44th {ACM} {SIGPLAN} Symposium on Principles of
                  Programming Languages, {POPL} 2017, Paris, France, January 18-20,
                  2017},
  pages        = {205--217},
  publisher    = {{ACM}},
  year         = {2017},
  url          = {https://doi.org/10.1145/3009837.3009855},
  doi          = {10.1145/3009837.3009855},
  timestamp    = {Mon, 05 Feb 2024 20:33:37 +0100},
  biburl       = {https://dblp.org/rec/conf/popl/KrebbersTB17.bib},
  bibsource    = {dblp computer science bibliography, https://dblp.org}
}

@article{DBLP:journals/pacmpl/KrebbersJ0TKTCD18,
  author       = {Robbert Krebbers and
                  Jacques{-}Henri Jourdan and
                  Ralf Jung and
                  Joseph Tassarotti and
                  Jan{-}Oliver Kaiser and
                  Amin Timany and
                  Arthur Chargu{\'{e}}raud and
                  Derek Dreyer},
  title        = {MoSeL: a general, extensible modal framework for interactive proofs
                  in separation logic},
  journal      = {Proc. {ACM} Program. Lang.},
  volume       = {2},
  number       = {{ICFP}},
  pages        = {77:1--77:30},
  year         = {2018},
  url          = {https://doi.org/10.1145/3236772},
  doi          = {10.1145/3236772},
  timestamp    = {Sat, 30 Sep 2023 10:23:23 +0200},
  biburl       = {https://dblp.org/rec/journals/pacmpl/KrebbersJ0TKTCD18.bib},
  bibsource    = {dblp computer science bibliography, https://dblp.org}
}

@inproceedings{DBLP:conf/pldi/MulderKG22,
  author       = {Ike Mulder and
                  Robbert Krebbers and
                  Herman Geuvers},
  editor       = {Ranjit Jhala and
                  Isil Dillig},
  title        = {Diaframe: automated verification of fine-grained concurrent programs
                  in Iris},
  booktitle    = {{PLDI} '22: 43rd {ACM} {SIGPLAN} International Conference on Programming
                  Language Design and Implementation, San Diego, CA, USA, June 13 -
                  17, 2022},
  pages        = {809--824},
  publisher    = {{ACM}},
  year         = {2022},
  url          = {https://doi.org/10.1145/3519939.3523432},
  doi          = {10.1145/3519939.3523432},
  timestamp    = {Sun, 02 Oct 2022 16:13:44 +0200},
  biburl       = {https://dblp.org/rec/conf/pldi/MulderKG22.bib},
  bibsource    = {dblp computer science bibliography, https://dblp.org}
}

@article{DBLP:journals/pacmpl/AllainC0S24,
  author       = {Cl{\'{e}}ment Allain and
                  Basile Cl{\'{e}}ment and
                  Alexandre Moine and
                  Gabriel Scherer},
  title        = {Snapshottable Stores},
  journal      = {Proc. {ACM} Program. Lang.},
  volume       = {8},
  number       = {{ICFP}},
  pages        = {338--369},
  year         = {2024},
  url          = {https://doi.org/10.1145/3674637},
  doi          = {10.1145/3674637},
  timestamp    = {Thu, 21 Nov 2024 17:01:46 +0100},
  biburl       = {https://dblp.org/rec/journals/pacmpl/AllainC0S24.bib},
  bibsource    = {dblp computer science bibliography, https://dblp.org}
}

@inproceedings{allain:hal-04681703,
  TITLE = {{Saturn: a library of verified concurrent data structures for OCaml 5}},
  AUTHOR = {Allain, Cl{\'e}ment and Karvonen, Vesa and Morel, Carine},
  URL = {https://inria.hal.science/hal-04681703},
  BOOKTITLE = {{OCaml Workshop 2024 - ICFP 2024}},
  ADDRESS = {Milan, Italy},
  ORGANIZATION = {{Arma{\"e}l Gu{\'e}neau and Sonja Heinze}},
  YEAR = {2024},
  MONTH = Sep,
  PDF = {https://inria.hal.science/hal-04681703v1/file/ocaml2024.pdf},
  HAL_ID = {hal-04681703},
  HAL_VERSION = {v1},
}

@book{thomas1986systems,
  title = {Systems Programming: Coping with Parallelism},
  author = {Thomas J. Watson IBM Research Center and Treiber, R.K.},
  series = {Research Report RJ},
  url = {https://books.google.fr/books?id=YQg3HAAACAAJ},
  year = {1986},
  publisher = {International Business Machines Incorporated, Thomas J. Watson Research Center}
}

@software{saturn,
  title = {Saturn},
  author = {Vesa Karvonen and Carine Morel},
  date = {2024},
  url = {https://github.com/ocaml-multicore/saturn}
}

@software{eio,
  title = {Eio},
  author = {Anil Madhavapeddy and Thomas Leonard},
  date = {2024},
  url = {https://github.com/ocaml-multicore/eio}
}

@software{kcas,
  title = {Kcas},
  author = {Vesa Karvonen},
  date = {2024},
  url = {https://github.com/ocaml-multicore/kcas}
}

@software{coq-of-ocaml,
  title = {coq-of-ocaml},
  author = {Guillaume Claret},
  date = {2024},
  url = {https://github.com/formal-land/coq-of-ocaml}
}

@software{osiris,
  title = {Osiris},
  author = {Arnaud Daby-Seesaram and
            Jean-Marie Madiot and
            Fran{\c{c}}ois Pottier and
            Remy Seassau and
            Irene Yoon},
  date = {2024},
  url = {https://gitlab.inria.fr/fpottier/osiris}
}
